/home/matthew/work/biblio.bib